@manual{dsn_handbook,
	author = "Dong K. Shin",
	title = "DSN Telecommunications Link Design Handbook",
	date = "September 30, 2010",
	version = "202, Rev. B:  34-m and 70-m Doppler",
	organization = "NASA Jet Propulsion Laboratory"
}

@manual{geodyn,
	author = "Pavlis, D. E. and Wimert, J. and McCarthy, J. J.", 
	title = "GEODYN II Systems Description",
	version = "Vols. 1-5", 
	date = "2014",
	organization = "Geodynamics Group at NASA GSFC"
}

@manual{spc_manual,
	author = "Eric Palmer",
	title = "SPC Overview",
	date = "2016",
	organization = "Planetary Science Institute"
}

@article{opnav_near_sb,
	author  = "Gaskell, R.",
	title   = "Optical navigation near small bodies",
	journal = "Advances in the Astronautical Sciences",
	year    = "2011",
	volume  = "140",
	pages   = "1705-1717"
}

@conference{topography_determination,
	author = "Robert W. Gaskell",
	title = "Determination of Landmark Topography from Imaging Data",
	series = "25th Annual AAS Guidance and Control Conference",
	year = "2002",
	month = "February"
}

@conference{hayabusa,
	author = "Robert Gaskell and Olivier Barnouin-Jha and Daniel Scheeres and T. Mukai and Naru Hirata andn Shinsuke Abe and Jun Saito and M. Ishiguro and T. Kubota and T. Hashimoto and J. Kawaguchi and M. Yoshikawa and K. Shirakawa and T. Kominato",
	title  = "Landmark Navigation Studies and Target Characterization in the Hayabusa Encounter with Itokawa",
	series = "AIAA/AAS Astrodynamics Specialist Conference and Exhibit",
	year   = "2006",
	month  = "Aug."
}

@article{rosetta,
	author = "Sierks, Holger and Barbieri, Cesare and L. Lamy, Philippe and Rodrigo, R and Koschny, Detlef and Rickman, Hans and Uwe Keller, Horst and Agarwal, Jessica and F. A’Hearn, Michael and Angrilli, Francesco and Auger, Anne-Therese and Barucci, Maria and Bertaux, Jean-Loup and Bertini, Ilaria and Besse, Sebastien and Bodewits, Dennis and Capanna, Claire and Cremonese, Gabriele and Da Deppo, Vania and Pätzold, Martin",
	title = "On the nucleus structure and activity of comet 67P/Churyumov-Gerasimenko",
	journal = "Science",
	year    = "2015",
	volume  = "347"
}

@conference{spc_sensitiviy,
	author = "Andrew Liounis and Coralie Jackman and Kenneth Getzandanner and Leilah McCarthy",
	title  = "Sensitivity Analysis of Surface Feature Navigation Using Stereophotoclinometry",
	series = "AIAA/AAS Astrodynamics Specialist Conference and Exhibit",
	year   = "2016",
	month  = "Aug."
}

@article{gaskell_nav_overview,
	author = "Gaskell, R. and Barnouin-Jha, O. and Scheeres, D. and Konopliv, A. and Mukai, T. and Abe, S. and Saito, J. and Ishiguro, M. and Kubota, T. and Hashimoto, T. and Kawaguchi, J. and Yoshikawa, M. and Shirakawa, K. and Kominato, T. and Hirata, N. and Demura, H.",
	title = "Characterizing and navigating small bodies with imaging data",
	journal = "Meteoritics \& Planetary Science",
	year    = "2008",
	volume  = "43",
	number  = "6",
	pages   = "1049-1061"
}

@article{centinello,
	author = "Centinello, Frank J. and Zuber, Maria T. and Smith, David E. and Mazarico, Erwan",
	title = "Orbit Determination of the Dawn Spacecraft with Radiometric and Image Data",
	journal = "Journal of Spacecraft and Rockets",
	year    = "2015",
	volume  = "52",
	number  = "5",
	pages   = "1331-1337"
}

@article{mcewen,
	author = "A. S. McEwen",
	title = "Photometric Functions for Photoclinometry and Other Applications",
	journal = "Icarus",
	volume = "92",
	number = "2",
	pages = "298-311",
	year = "1991",
}

@conference{giant,
	author = "Liounis, Andrew J.",
	title = "Independent Optical Navigation Processing for the OSIRIS-REx Mission Using the Goddard Image Analysis and Navigation Tool",
	series = "2nd Annual RPI Workshop on Image-Based Modeling and Navigation for Space Applications",
	year = 2019
}

@conference{owen,
	author = "Owen Jr., William M.",
	title = "Methods of optical navigation",
	series = "Spaceflight Mechanics",
	year = "2011"
}

@article{triangle_ray,
	author = "Möller, Tomas and Trumbore, Ben",
	title = "Fast, Minimum Storage Ray-Triangle Intersection",
	journal = "Journal of Graphics Tools",
	volume = 2,
	pages = "21-28",
	year = "1997"
}

@article{tagcams,
  title={{Touch and Go Camera System (TAGCAMS) for the OSIRIS-REx asteroid sample return mission}},
  author={Bos, BJ and Ravine, MA and Caplinger, M and Schaffner, JA and Ladewig, JV and Olds, RD and Norman, CD and Huish, D and Hughes, M and Anderson, SK and others},
  journal={Space Science Reviews},
  volume={214},
  number={1},
  pages={37},
  year={2018},
  publisher={Springer}
}
@article{ocams,
  title={{OCAMS: The OSIRIS-REx Camera Suite}},
  author={Botros Rizk and C. Drouet d’Aubigny and D. Golish and Christopher M Fellows and C. Merrill and P. Smith and M. S. Walker and J. E. Hendershot and Jeremy Hancock and S. Bailey and D. N. DellaGiustina and D. S. Lauretta and Ray D. Tanner and Marty Williams and Keith Harshman and M. Fitzgibbon and W. Verts and J. Chen and Thomas Connors and D. Hamara and Adam Dowd and Anthony Lowman and Matthew B. Dubin and Ronald Burt and Michael Whiteley and M. F. Watson and Tom J. McMahon and Marshall Ward and Dustin Booher and Matthew Sean Read and B. Williams and M. Hunten and Ernest Little and T. Saltzman and D. Alfred and Sheila O’Dougherty and M. Walthall and K. Kenagy and S. Peterson and B. Crowther and M. Perry and Chuen-Teck See and S. Selznick and C. Sauve and Maximilian Beiser and W. J. Black and R. N. Pfisterer and Austin Lancaster and Schepp Oliver and C. Oquest and Drew Crowley and Caitlin Morgan and Conner Castle and Rub{\'e}n Dom{\'i}nguez and Michael Sullivan},
  journal={Space Science Reviews},
  year={2018},
  volume={214},
  pages={1-55}
}

@article{ola,
  title={The OSIRIS-REx laser altimeter (OLA) investigation and instrument},
  author={Daly, MG and Barnouin, OS and Dickinson, C and Seabrook, J and Johnson, CL and Cunningham, G and Haltigin, T and Gaudreau, D and Brunet, C and Aslam, I and others},
  journal={Space Science Reviews},
  volume={212},
  number={1-2},
  pages={899--924},
  year={2017},
  publisher={Springer}
}
