@article{gaskell2008,
	author = "Gaskell, R. and Barnouin-Jha, O. and Scheeres, D. and Konopliv, A. and Mukai, T. and Abe, S. and Saito, J. and Ishiguro, M. and Kubota, T. and Hashimoto, T. and Kawaguchi, J. and Yoshikawa, M. and Shirakawa, K. and Kominato, T. and Hirata, N. and Demura, H.",
	title = "Characterizing and navigating small bodies with imaging data",
	journal = "Meteoritics \& Planetary Science",
	volume = "43",
	number = "6",
	pages = "1049-1061",
	year = "2008",
	note = "doi: 10.1111/j.1945-5100.2008.tb00692.x"
}

@article{gaskell2011,
author = {Gaskell, R},
year = {2011},
month = {01},
pages = {1705-1717},
title = {Optical navigation near small bodies},
volume = {140},
journal = {Advances in the Astronautical Sciences}
}

@conference{getzandanner2016,
	author = "Kenneth Getzandanner and David Rowlands and Erwan Mazarico and Peter Antreasian and Coralie Jackman and Michael Moreau",
	title  = "An independent orbit determination simulation for the OSIRIS-REx asteroid sample return mission",
	series = "AAS 16-103, AAS GNC Conference, Breckenridge, CO",
	month  = "Feb.",
	year   = "2016"
}

@conference{hayabusa,
	author = "Robert Gaskell and Olivier Barnouin-Jha and Daniel Scheeres and T. Mukai and Naru Hirata andn Shinsuke Abe and Jun Saito and M. Ishiguro and T. Kubota and T. Hashimoto and J. Kawaguchi and M. Yoshikawa and K. Shirakawa and T. Kominato",
	title  = "Landmark Navigation Studies and Target Characterization in the Hayabusa Encounter with Itokawa",
	series = "AIAA/AAS Astrodynamics Specialist Conference and Exhibit",
	month  = "Aug.",
	year   = "2006"
}

@conference{near,
	author = "Robert Gaskell and Olivier Barnouin-Jha and Daniel Scheeres and T. Mukai and Naru Hirata andn Shinsuke Abe and Jun Saito and M. Ishiguro and T. Kubota and T. Hashimoto and J. Kawaguchi and M. Yoshikawa and K. Shirakawa and T. Kominato",
	title  = "Landmark Navigation Studies and Target Characterization in the Hayabusa Encounter with Itokawa",
	series = "AIAA/AAS Astrodynamics Specialist Conference and Exhibit",
	month  = "Aug.",
	year   = "2006"
}

@article{rosetta,
	author = {Sierks, Holger and Barbieri, Cesare and L. Lamy, Philippe and Rodrigo, R and Koschny, Detlef and Rickman, Hans and Uwe Keller, Horst and Agarwal, Jessica and F. A’Hearn, Michael and Angrilli, Francesco and Auger, Anne-Therese and Barucci, Maria and Bertaux, Jean-Loup and Bertini, Ilaria and Besse, Sebastien and Bodewits, Dennis and Capanna, Claire and Cremonese, Gabriele and Da Deppo, Vania and Pätzold, Martin},
	year = {2015},
	pages = {aaa1044},
	Issue = {6220},
	title = {On the nucleus structure and activity of comet 67{P}/{C}huryumov-Gerasimenko},
	volume = {347},
	journal = {Science},
	doi = {10.1126/science.aaa1044}
}

@conference{spc_sensitiviy,
	author = "Andrew Liounis and Coralie Jackman and Kenneth Getzandanner and Leilah McCarthy",
	title  = "SENSITIVITY ANALYSIS OF SURFACE FEATURE NAVIGATION
USING STEREOPHOTOCLINOMETRY",
	series = "AIAA/AAS Astrodynamics Specialist Conference and Exhibit",
	month  = "Aug.",
	year   = "2016"
}

@conference{andrew,
	author = "A. J. Liounis and J. Swenson and J. Small and J. Lyzhoft and B. Ashman and K. Getzandanner and D. Highsmith and M. Moreau and C. Adam and P. Antreasian and D.S. Lauretta and the {OSIRIS-REx} team",
	title = "INDEPENDENT OPTICAL NAVIGATION PROCESSING FOR THE {OSIRIS-REx} MISSION USING THE {G}ODDARD {I}MAGE {A}NALYSIS AND {N}AVIGATION {T}OOL",
	series = "2nd RPI Space Imaging Workshop, Saratoga Springs, NY",
	year = "2019"
}